<?xml version="1.0" encoding="UTF-8"?><collection xmlns="http://www.loc.gov/MARC21/slim"><record><leader>00401nam--2200133-i-4500</leader><controlfield tag="001">000019611</controlfield><controlfield tag="002">20161230</controlfield><controlfield tag="005">20161230201033</controlfield><controlfield tag="008">060222s1000------------r-----000-0-eng-d</controlfield><datafield ind1=" " ind2=" " tag="080"><subfield code="a">539.122.164(075):539.163.2(075.8)</subfield></datafield><datafield ind1=" " ind2=" " tag="245"><subfield code="a">The electromagnetic interaction in nuclear spectroscopy</subfield></datafield><datafield ind1=" " ind2=" " tag="260"><subfield code="a">Amsterdam, North-holland Publishing Company, 1975. Xi + 941 P</subfield></datafield><datafield ind1=" " ind2=" " tag="700"><subfield code="a">Hamilton, W.D</subfield></datafield><datafield ind1=" " ind2=" " tag="852"><subfield code="a">42828</subfield></datafield></record></collection>